
@article{allenMaintainingKnowledgeTemporal1983,
  title = {Maintaining Knowledge about Temporal Intervals},
  author = {Allen, James F.},
  year = {1983},
  month = nov,
  journal = {Communications of the ACM},
  volume = {26},
  number = {11},
  pages = {832--843}
}

@article{bansodIntegratingPlanningActing,
  title = {Integrating {{Planning}} and {{Acting With}} a {{Re-Entrant HTN Planner}}},
  author = {Bansod, Yash and Nau, Dana and Patra, Sunandita and Roberts, Mak},
  pages = {9}
}

@inproceedings{beetzCRAMCognitiveRobot2010a,
  title = {{{CRAM}} \&\#x2014; {{A Cognitive Robot Abstract Machine}} for Everyday Manipulation in Human Environments},
  booktitle = {2010 {{IEEE}}/{{RSJ International Conference}} on {{Intelligent Robots}} and {{Systems}}},
  author = {Beetz, Michael and M{\"o}senlechner, Lorenz and Tenorth, Moritz},
  year = {2010},
  month = oct,
  pages = {1012--1017},
  publisher = {{IEEE}}
}

@inproceedings{bit-monnotConstraintBasedEncodingDomainIndependent2018,
  title = {A {{Constraint-Based Encoding}} for {{Domain-Independent Temporal Planning}}},
  booktitle = {Principles and {{Practice}} of {{Constraint Programming}}},
  author = {{Bit-Monnot}, Arthur},
  editor = {Hooker, John},
  year = {2018},
  series = {Lecture {{Notes}} in {{Computer Science}}},
  pages = {30--46},
  publisher = {{Springer International Publishing}}
}

@article{bit-monnotFAPEConstraintbasedPlanner2020,
  title = {{{FAPE}}: A {{Constraint-based Planner}} for {{Generative}} and {{Hierarchical Temporal Planning}}},
  shorttitle = {{{FAPE}}},
  author = {{Bit-Monnot}, Arthur and Ghallab, Malik and Ingrand, F{\'e}lix and Smith, David E.},
  year = {2020},
  month = oct,
  journal = {arXiv:2010.13121 [cs]},
  primaryclass = {cs},
  archiveprefix = {arXiv},
  keywords = {Computer Science - Artificial Intelligence}
}

@article{bit-monnotMODELESTEMPORELSHIERARCHIQUES,
  title = {{{MODELES TEMPORELS ET HIERARCHIQUES POUR LA PLANIFICATION ET L}}'{{ACTION EN ROBOTIQUE}}},
  author = {{Bit-Monnot}, Arthur},
  pages = {199}
}

@article{boussinotESTERELLanguage1991,
  title = {The {{ESTEREL}} Language},
  author = {Boussinot, F. and {de Simone}, R.},
  year = {Sept./1991},
  journal = {Proceedings of the IEEE},
  volume = {79},
  number = {9},
  pages = {1293--1304}
}

@article{cashmoreROSPlanPlanningRobot,
  title = {{{ROSPlan}}: {{Planning}} in the {{Robot Operating System}}},
  author = {Cashmore, Michael},
  pages = {9}
}

@article{chargueraudVerifyingCorrectnessAmortized2019,
  title = {Verifying the {{Correctness}} and {{Amortized Complexity}} of a {{Union-Find Implementation}} in {{Separation Logic}} with {{Time Credits}}},
  author = {Chargu{\'e}raud, Arthur and Pottier, Fran{\c c}ois},
  year = {2019},
  month = mar,
  journal = {Journal of Automated Reasoning},
  volume = {62},
  number = {3},
  pages = {331--365}
}

@article{chienASPENAutomatedPlanning,
  title = {{{ASPEN}} \textendash{} {{Automated Planning}} and {{Scheduling}} for {{Space Mission Operations}}},
  author = {Chien, S and Rabideau, G and Knight, R and Sherwood, R and Engelhardt, B and Mutz, D and Estlin, T and Smith, B and Fisher, F and Barrett, T and Stebbins, G and Tran, D},
  pages = {11}
}

@article{chienUsingIterativeRepair2000,
  title = {Using {{Iterative Repair}} to {{Improve}} the {{Responsiveness}} of {{Planning}} and {{Scheduling}}},
  author = {Chien, Steve and Knight, Russell and Stechert, Andre and Sherwood, Rob and Rabideau, Gregg},
  year = {2000},
  pages = {8}
}

@article{clementTheoryCoordinatingConcurrent,
  title = {Theory for {{Coordinating Concurrent Hierarchical Planning Agents Using Summary Information}}},
  author = {Clement, Bradley J and Durfee, Edmund H},
  pages = {8}
}

@incollection{despouysPropicePlanUnifiedFramework2000,
  title = {Propice-{{Plan}}: {{Toward}} a {{Unified Framework}} for {{Planning}} and {{Execution}}},
  shorttitle = {Propice-{{Plan}}},
  booktitle = {Recent {{Advances}} in {{AI Planning}}},
  author = {Despouys, Olivier and Ingrand, Fran{\c c}ois F{\'e}lix},
  editor = {Goos, Gerhard and Hartmanis, Juris and {van Leeuwen}, Jan and Biundo, Susanne and Fox, Maria},
  year = {2000},
  volume = {1809},
  pages = {278--293},
  publisher = {{Springer Berlin Heidelberg}}
}

@article{dowekFormalAnalysisFramework,
  title = {A {{Formal Analysis Framework}} for {{PLEXIL}}},
  author = {Dowek, Gilles},
  pages = {7}
}

@article{dvorakFlexibleANMLActor,
  title = {A {{Flexible ANML Actor}} and {{Planner}} in {{Robotics}}},
  author = {Dvorak, Filip and {Bit-Monnot}, Arthur and Ingrand, F{\'e}lix and Ghallab, Malik},
  pages = {9}
}

@incollection{ecksteinActionBasedProgrammingYAGI2020,
  title = {Action-{{Based Programming}} with {{YAGI}} - {{An Update}} on {{Usability}} and {{Performance}}},
  booktitle = {Trends in {{Artificial Intelligence Theory}} and {{Applications}}. {{Artificial Intelligence Practices}}},
  author = {Eckstein, Thomas and Steinbauer, Gerald},
  editor = {Fujita, Hamido and {Fournier-Viger}, Philippe and Ali, Moonis and Sasaki, Jun},
  year = {2020},
  volume = {12144},
  pages = {557--569},
  publisher = {{Springer International Publishing}}
}

@article{foxPDDL2ExtensionPDDL2003,
  title = {{{PDDL2}}.1: {{An Extension}} to {{PDDL}} for {{Expressing Temporal Planning Domains}}},
  shorttitle = {{{PDDL2}}.1},
  author = {Fox, M. and Long, D.},
  year = {2003},
  month = dec,
  journal = {Journal of Artificial Intelligence Research},
  volume = {20},
  pages = {61--124}
}

@article{gereviniIncrementalQualitativeTemporal2005a,
  title = {Incremental Qualitative Temporal Reasoning: {{Algorithms}} for the {{Point Algebra}} and the {{ORD-Horn}} Class},
  shorttitle = {Incremental Qualitative Temporal Reasoning},
  author = {Gerevini, Alfonso},
  year = {2005},
  month = aug,
  journal = {Artificial Intelligence},
  volume = {166},
  number = {1-2},
  pages = {37--80}
}

@book{ghallabAutomatedPlanningActing2016,
  title = {Automated {{Planning}} and {{Acting}}},
  author = {Ghallab, Malik and Nau, Dana and Traverso, Paolo},
  year = {2016},
  month = aug,
  publisher = {{Cambridge University Press}},
  googlebooks = {gFCwDAAAQBAJ},
  keywords = {Computers / Intelligence (AI) \& Semantics,Computers / Natural Language Processing,Technology \& Engineering / Robotics}
}

@book{ghallabAutomatedPlanningTheory2004,
  title = {Automated {{Planning}}: {{Theory}} and {{Practice}}},
  shorttitle = {Automated {{Planning}}},
  author = {Ghallab, Malik and Nau, Dana and Traverso, Paolo},
  year = {2004},
  month = may,
  publisher = {{Elsevier}},
  googlebooks = {uYnpze57MSgC},
  keywords = {Computers / Expert Systems,Computers / Intelligence (AI) \& Semantics}
}

@article{hollerHDDLExtensionPDDL2020,
  title = {{{HDDL}}: {{An Extension}} to {{PDDL}} for {{Expressing Hierarchical Planning Problems}}},
  shorttitle = {{{HDDL}}},
  author = {H{\"o}ller, Daniel and Behnke, Gregor and Bercher, Pascal and Biundo, Susanne and Fiorino, Humbert and Pellier, Damien and Alford, Ron},
  year = {2020},
  month = apr,
  journal = {Proceedings of the AAAI Conference on Artificial Intelligence},
  volume = {34},
  number = {06},
  pages = {9883--9891}
}

@article{inghamReactiveModelbasedProgramming,
  title = {A {{Reactive Model-based Programming Language}} for {{Robotic Space Explorers}}},
  author = {Ingham, Michel},
  pages = {8}
}

@article{ingrandDeliberationAutonomousRobots2017,
  title = {Deliberation for Autonomous Robots: {{A}} Survey},
  shorttitle = {Deliberation for Autonomous Robots},
  author = {Ingrand, F{\'e}lix and Ghallab, Malik},
  year = {2017},
  month = jun,
  journal = {Artificial Intelligence},
  series = {Special {{Issue}} on {{AI}} and {{Robotics}}},
  volume = {247},
  pages = {10--44},
  keywords = {Acting,Deliberation,Learning,Monitoring,Observing,Planning,Robotics}
}

@inproceedings{ingrandPRSHighLevel1996,
  title = {{{PRS}}: A High Level Supervision and Control Language for Autonomous Mobile Robots},
  shorttitle = {{{PRS}}},
  booktitle = {Proceedings of {{IEEE International Conference}} on {{Robotics}} and {{Automation}}},
  author = {Ingrand, F.F. and Chatila, R. and Alami, R. and Robert, F.},
  year = {1996},
  month = apr,
  volume = {1},
  pages = {43-49 vol.1},
  keywords = {Airports,autonomous mobile robots,C-PRS,Containers,Control systems,default mechanisms,embedded system,goal refinement,high level languages,high-level control language,high-level supervision language,Level control,meta-level reasoning capabilities,mobile robots,Mobile robots,Navigation,partial plans,plan execution,Procedural Reasoning System,procedure representation semantics,PRS,Rail transportation,real-time multiple task management,real-time systems,reflective reasoning capabilities,Robot control,Robot localization,robot programming,Runtime}
}

@article{levesqueGOLOGLogicProgramming1997a,
  title = {{{GOLOG}}: {{A}} Logic Programming Language for Dynamic Domains},
  shorttitle = {{{GOLOG}}},
  author = {Levesque, Hector J. and Reiter, Raymond and Lesp{\'e}rance, Yves and Lin, Fangzhen and Scherl, Richard B.},
  year = {1997},
  month = apr,
  journal = {The Journal of Logic Programming},
  volume = {31},
  number = {1-3},
  pages = {59--83}
}

@article{levinsonGeneralProgrammingLanguage1995,
  title = {A General Programming Language for Unified Planning and Control},
  author = {Levinson, Richard},
  year = {1995},
  month = jul,
  journal = {Artificial Intelligence},
  volume = {76},
  number = {1-2},
  pages = {319--375}
}

@article{levinsonGeneralProgrammingLanguage1995a,
  title = {A General Programming Language for Unified Planning and Control},
  author = {Levinson, Richard},
  year = {1995},
  month = jul,
  journal = {Artificial Intelligence},
  volume = {76},
  number = {1-2},
  pages = {319--375}
}

@inproceedings{matarePortableHighlevelAgent2021,
  title = {Portable {{High-level Agent Programming}} with Golog++:},
  shorttitle = {Portable {{High-level Agent Programming}} with Golog++},
  booktitle = {Proceedings of the 13th {{International Conference}} on {{Agents}} and {{Artificial Intelligence}}},
  author = {Matar{\'e}, Victor and Viehmann, Tarik and Hofmann, Till and Lakemeyer, Gerhard and Ferrein, Alexander and Schiffer, Stefan},
  year = {2021},
  pages = {218--227},
  publisher = {{SCITEPRESS - Science and Technology Publications}}
}

@article{mccarthyRecursiveFunctionsSymbolic1960,
  title = {Recursive Functions of Symbolic Expressions and Their Computation by Machine, {{Part I}}},
  author = {McCarthy, John},
  year = {1960},
  month = apr,
  journal = {Communications of the ACM},
  volume = {3},
  number = {4},
  pages = {184--195}
}

@article{mcgannTREXModelBasedArchitecturea,
  title = {T-{{REX}}: {{A Model-Based Architecture}} for {{AUV Control}}},
  author = {McGann, Conor and Py, Frederic and Rajan, Kanna and Thomas, Hans and Henthorn, Richard and McEwen, Rob},
  pages = {9}
}

@article{patraActingPlanningUsing2019,
  title = {Acting and {{Planning Using Operational Models}}},
  author = {Patra, Sunandita and Ghallab, Malik and Nau, Dana and Traverso, Paolo},
  year = {2019},
  month = jul,
  journal = {Proceedings of the AAAI Conference on Artificial Intelligence},
  volume = {33},
  number = {01},
  pages = {7691--7698},
  copyright = {Copyright (c) 2019 Association for the Advancement of Artificial Intelligence}
}

@article{patraCoordinationControlHierarchically2021,
  title = {Coordination and {{Control}} of {{Hierarchically Organized Interacting Agents}}},
  author = {Patra, Sunandita and Traverso, Paolo and Ghallab, Malik and Nau, Dana},
  year = {2021},
  month = apr,
  journal = {The International FLAIRS Conference Proceedings},
  volume = {34},
  number = {1}
}

@article{patraDeliberativeActingOnline2021,
  title = {Deliberative {{Acting}}, {{Online Planning}} and {{Learning}} with {{Hierarchical Operational Models}}},
  author = {Patra, Sunandita and Mason, James and Ghallab, Malik and Nau, Dana and Traverso, Paolo},
  year = {2021},
  month = oct,
  journal = {Artificial Intelligence},
  volume = {299},
  pages = {103523},
  archiveprefix = {arXiv},
  keywords = {Computer Science - Artificial Intelligence}
}

@article{patraIntegratingActingPlanning2020,
  title = {Integrating {{Acting}}, {{Planning}}, and {{Learning}} in {{Hierarchical Operational Models}}},
  author = {Patra, Sunandita and Mason, James and Kumar, Amit and Ghallab, Malik and Traverso, Paolo and Nau, Dana},
  year = {2020},
  month = jun,
  journal = {Proceedings of the International Conference on Automated Planning and Scheduling},
  volume = {30},
  pages = {478--487},
  copyright = {Copyright (c) 2020 Association for the Advancement of Artificial Intelligence}
}

@article{rabideauITERATIVEREPAIRPLANNING,
  title = {{{ITERATIVE REPAIR PLANNING FOR SPACECRAFT OPERATIONSUSING THE ASPEN SYSTEM}}},
  author = {Rabideau, G and Knight, R and Chien, S and Fukunaga, A and Govindjee, A},
  pages = {7}
}

@article{sardinaHierarchicalPlanningBDI,
  title = {Hierarchical {{Planning}} in {{BDI Agent Programming Languages}}: {{A Formal Approach}}},
  author = {Sardina, Sebastian and {de Silva}, Lavindra and Padgham, Lin},
  pages = {8}
}

@inproceedings{simmonsTaskDescriptionLanguage1998,
  title = {A Task Description Language for Robot Control},
  booktitle = {Proceedings. 1998 {{IEEE}}/{{RSJ International Conference}} on {{Intelligent Robots}} and {{Systems}}. {{Innovations}} in {{Theory}}, {{Practice}} and {{Applications}} ({{Cat}}. {{No}}.{{98CH36190}})},
  author = {Simmons, R. and Apfelbaum, D.},
  year = {1998},
  volume = {3},
  pages = {1931--1937},
  publisher = {{IEEE}}
}

@article{thangarajahComputationallyEffectiveReasoning2011a,
  title = {Computationally {{Effective Reasoning About Goal Interactions}}},
  author = {Thangarajah, John and Padgham, Lin},
  year = {2011},
  month = jun,
  journal = {Journal of Automated Reasoning},
  volume = {47},
  number = {1},
  pages = {17--56}
}

@inproceedings{vermaUniversalExecutivePLEXILEngine2006a,
  title = {Universal-{{Executive}} and {{PLEXIL}}: {{Engine}} and {{Language}} for {{Robust Spacecraft Control}} and {{Operations}}},
  shorttitle = {Universal-{{Executive}} and {{PLEXIL}}},
  booktitle = {Space 2006},
  author = {Verma, Vandi and Jonsson, Ari and Pasareanu, Corina and Iatauro, Michael},
  year = {2006},
  month = sep,
  publisher = {{American Institute of Aeronautics and Astronautics}}
}

@article{williamsModelbasedProgrammingIntelligent2003,
  title = {Model-Based Programming of Intelligent Embedded Systems and Robotic Space Explorers},
  author = {Williams, B.C. and Ingham, M.D. and Chung, S.H. and Elliott, P.H.},
  year = {2003},
  month = jan,
  journal = {Proceedings of the IEEE},
  volume = {91},
  number = {1},
  pages = {212--237},
  keywords = {aerospace computing,complex embedded systems,constraint handling,constraint programming,Embedded system,embedded systems,high-level control strategies,Intelligent actuators,intelligent embedded systems,Intelligent robots,Intelligent sensors,Intelligent systems,intricate system interactions,knowledge based systems,model-based execution,model-based programming,model-based reactive planning,model-based reasoning,Orbital robotics,reactive model-based programming language,reactive systems,Robot programming,Robot sensing systems,robotic space explorers,Sensor systems,Space exploration,state variables,synchronous programming,Titan}
}

@article{yaoActionLevelIntentionSelection,
  title = {Action-{{Level Intention Selection}} for {{BDI Agents}}},
  author = {Yao, Yuan and Logan, Brian},
  pages = {10}
}

@article{nau2021gtpyhop,
  title={GTPyhop: A hierarchical goal+ task planner implemented in Python},
  author={Nau, Dana and Bansod, Yash and Patra, Sunandita and Roberts, Mark and Li, Ruoxi},
  journal={HPlan 2021},
  pages={21},
  year={2021}
}

@inproceedings{smith2008anml,
  title={The ANML language},
  author={Smith, David E and Frank, Jeremy and Cushing, William},
  booktitle={The ICAPS-08 Workshop on Knowledge Engineering for Planning and Scheduling (KEPS)},
  volume={31},
  year={2008}
}

@inproceedings{zhuo2009learning,
  title={Learning HTN method preconditions and action models from partial observations},
  author={Zhuo, Hankz Hankui and Hu, Derek Hao and Hogg, Chad and Yang, Qiang and Munoz-Avila, Hector},
  booktitle={Twenty-First International Joint Conference on Artificial Intelligence},
  year={2009},
  organization={Citeseer}
}

@article{moretti1979lambda,
  title={The $\lambda$-scheme},
  author={Moretti, Gino},
  journal={Computers \& Fluids},
  volume={7},
  number={3},
  pages={191--205},
  year={1979},
  publisher={Elsevier}
}

@article{bansod2021integrating,
  title={Integrating Planning and Acting With a Re-Entrant HTN Planner},
  author={Bansod, Yash and Nau, Dana and Patra, Sunandita and Roberts, Mak},
  journal={HPlan 2021},
  year = {2021},
  pages={9}
}

